@article{abedjan2016detecting,
  title={Detecting Data Errors: Where are we and what needs to be done?},
  author={Abedjan, Ziawasch and Chu, Xu and Deng, Dong and Fernandez, Raul Castro and Ilyas, Ihab F and Ouzzani, Mourad and Papotti, Paolo and Stonebraker, Michael and Tang, Nan},
  journal={Proceedings of the VLDB Endowment},
  volume={9},
  number={12},
  pages={993--1004},
  year={2016},
  publisher={VLDB Endowment}
}
