@article{Abedjan:2016:DDE:2994509.2994518,
 author = {Abedjan, Ziawasch and Chu, Xu and Deng, Dong and Fernandez, Raul Castro and Ilyas, Ihab F. and Ouzzani, Mourad and Papotti, Paolo and Stonebraker, Michael and Tang, Nan},
 title = {Detecting Data Errors: Where Are We and What Needs to Be Done?},
 journal = PVLDB,
 issue_date = {August 2016},
 volume = {9},
 number = {12},
 month = aug,
 year = {2016},
 issn = {2150-8097},
 pages = {993--1004},
 numpages = {12},
 url = {http://dx.doi.org/10.14778/2994509.2994518},
 doi = {10.14778/2994509.2994518},
 acmid = {2994518},
} 

@inproceedings{Dayal:2009:DIF:1516360.1516362,
 author = {Dayal, Umeshwar and Castellanos, Malu and Simitsis, Alkis and Wilkinson, Kevin},
 title = {Data Integration Flows for Business Intelligence},
 booktitle = EDBT,
 year = {2009},
 isbn = {978-1-60558-422-5},
 location = {Saint Petersburg, Russia},
 pages = {1--11},
 numpages = {11},
 url = {http://doi.acm.org/10.1145/1516360.1516362},
 doi = {10.1145/1516360.1516362},
 acmid = {1516362},}

@inproceedings{conf/icde/Tatbul10,
  added-at = {2014-08-09T00:00:00.000+0200},
  author = {Tatbul, Nesime},
  biburl = {http://www.bibsonomy.org/bibtex/2dae046534c887b3cbfe9e2cb0fbad809/dblp},
  booktitle = {ICDE Workshops},
  crossref = {conf/icde/2010w},
  ee = {http://doi.ieeecomputersociety.org/10.1109/ICDEW.2010.5452751},
  interhash = {40de457d7b6aaa71b2b5f7a742be1b49},
  intrahash = {dae046534c887b3cbfe9e2cb0fbad809},
  isbn = {978-1-4244-6522-4},
  keywords = {dblp},
  pages = {155-158},
  year = 2010
}

@inproceedings{Khoussainova:2006:TCI:1140104.1140114,
 author = {Khoussainova, Nodira and Balazinska, Magdalena and Suciu, Dan},
 title = {Towards Correcting Input Data Errors Probabilistically Using Integrity Constraints},
 booktitle = {Proceedings of the International Workshop on Data Engineering for Wireless and Mobile Access},
 year = {2006},
 isbn = {1-59593-436-7},
 pages = {43--50},
 numpages = {8},
 url = {http://doi.acm.org/10.1145/1140104.1140114},
 doi = {10.1145/1140104.1140114},
 acmid = {1140114},
} 

@ARTICLE{6684530, 
author={M. Gupta and J. Gao and C. C. Aggarwal and J. Han}, 
journal={IEEE Transactions on Knowledge and Data Engineering}, 
title={Outlier Detection for Temporal Data: A Survey}, 
year={2014}, 
volume={26}, 
number={9}, 
pages={2250-2267}, 
keywords={data handling;time series;computer science community;data management mechanisms;data streams;distributed streams;hardware technology;software technology;spatio-temporal data;statistics community;temporal data collection mechanisms;temporal datasets;temporal networks;temporal outlier detection;time series data;Computational modeling;Distributed databases;Hidden Markov models;Pattern matching;Predictive models;Time series analysis;Data mining;Mining methods and algorithms;Temporal outlier detection;applications of temporal outlier detection;data streams;distributed data streams;network outliers;spatio-temporal outliers;temporal networks;time series data}, 
doi={10.1109/TKDE.2013.184}, 
ISSN={1041-4347}, 
month={Sept},}

@article{Yamanishi:2004:OUO:982721.982727,
 author = {Yamanishi, Kenji and Takeuchi, Jun-Ichi and Williams, Graham and Milne, Peter},
 title = {On-Line Unsupervised Outlier Detection Using Finite Mixtures with Discounting Learning Algorithms},
 journal = {Data Min. Knowl. Discov.},
 issue_date = {May 2004},
 volume = {8},
 number = {3},
 month = may,
 year = {2004},
 issn = {1384-5810},
 pages = {275--300},
 numpages = {26},
 url = {http://dx.doi.org/10.1023/B:DAMI.0000023676.72185.7c},
 doi = {10.1023/B:DAMI.0000023676.72185.7c},
 acmid = {982727},
 publisher = {Kluwer Academic Publishers},
 address = {Hingham, MA, USA},
 keywords = {EM algorithm, anomaly detection, finite mixture model, fraud detection, intrusion detection, outlier detection},
}

@inproceedings{Deng:2006:ADD:1142473.1142477,
 author = {Deng, Fan and Rafiei, Davood},
 title = {Approximately Detecting Duplicates for Streaming Data Using Stable Bloom Filters},
 booktitle = SIGMOD,
 year = {2006},
 isbn = {1-59593-434-0},
 pages = {25--36},
 numpages = {12},
 url = {http://doi.acm.org/10.1145/1142473.1142477},
 doi = {10.1145/1142473.1142477},
 acmid = {1142477}
}

@inproceedings{Fan:2012:IDI:2310257.2310328,
 author = {Fan, Wenfei and Li, Jianzhong and Tang, Nan and Yu, Wenyuan},
 title = {Incremental Detection of Inconsistencies in Distributed Data},
 booktitle = ICDE,
 year = {2012},
 isbn = {978-0-7695-4747-3},
 pages = {318--329},
 numpages = {12},
 url = {http://dx.doi.org/10.1109/ICDE.2012.82},
 doi = {10.1109/ICDE.2012.82},
}

@TECHREPORT{mariet2016outlier, 
 AUTHOR = {Pit--Claudel, Cl√©ment and Mariet, Zelda and Harding, Rachael and Madden, Sam},
TITLE = {Outlier Detection in Heterogeneous Datasets using Automatic Tuple Expansion}, 
 NUMBER = {MIT-CSAIL-TR-2016-002}, 
 INSTITUTION = {CSAIL, MIT}, 
 ADDRESS = {32 Vassar Street, Cambridge MA 02139}, 
 MONTH = {February}, 
 YEAR = {2016}, 
 URL = {http://hdl.handle.net/1721.1/101150},
}


@InProceedings{Stonebraker_datacuration,
  Title                    = {Data Curation at Scale: The {Data Tamer} System},
  Author                   = {Michael Stonebraker and Daniel Bruckner and Ihab F. Ilyas and George Beskales and Mitch Cherniack and Stan Zdonik and Alexander Pagan and Shan Xu},
  Booktitle                = CIDR,
  Year                     = {2013}
}

@INPROCEEDINGS{6544847, 
author={X. Chu and I. F. Ilyas and P. Papotti}, 
booktitle=ICDE, 
title={Holistic data cleaning: Putting violations into context}, 
year={2013}, 
pages={458-469}, 
keywords={constraint handling;data handling;graph theory;pattern matching;CFD;MD;ad-hoc predicate;conditional functional dependencies;conflict hypergraph;data quality rule;data repair;declarative approach;denial constraint;heterogeneous constraint;holistic data cleaning;matching dependencies;numerical value;Cities and towns;Cleaning;Context;Databases;Maintenance engineering;Proposals;Remuneration}, 
doi={10.1109/ICDE.2013.6544847}, 
ISSN={1063-6382}, 
month={April},}

@inproceedings{Cormode:2009:ECC:1559845.1559895,
 author = {Cormode, Graham and Golab, Lukasz and Flip, Korn and McGregor, Andrew and Srivastava, Divesh and Zhang, Xi},
 title = {Estimating the Confidence of Conditional Functional Dependencies},
 booktitle =SIGMOD,
 year = {2009},
 isbn = {978-1-60558-551-2},
 location = {Providence, Rhode Island, USA},
 pages = {469--482},
 numpages = {14},
 url = {http://doi.acm.org/10.1145/1559845.1559895},
 doi = {10.1145/1559845.1559895},
 acmid = {1559895}
} 

@inproceedings{dallachiesa2013nadeef,
  title={NADEEF: a commodity data cleaning system},
  author={Dallachiesa, Michele and Ebaid, Amr and Eldawy, Ahmed and Elmagarmid, Ahmed and Ilyas, Ihab F and Ouzzani, Mourad and Tang, Nan},
  booktitle={Proceedings of the 2013 ACM SIGMOD International Conference on Management of Data},
  pages={541--552},
  year={2013},
  organization={ACM}
}

@book{verborgh2013using,
  title={Using OpenRefine},
  author={Verborgh, Ruben and De Wilde, Max},
  year={2013},
  publisher={Packt Publishing Ltd}
}

@article{konda2016magellan,
  title={Magellan: Toward building entity matching management systems},
  author={Konda, Pradap and Das, Sanjib and Suganthan GC, Paul and Doan, AnHai and Ardalan, Adel and Ballard, Jeffrey R and Li, Han and Panahi, Fatemah and Zhang, Haojun and Naughton, Jeff and others},
  journal={Proceedings of the VLDB Endowment},
  volume={9},
  number={12},
  pages={1197--1208},
  year={2016},
  publisher={VLDB Endowment}
}

@article{arocena2015messing,
  title={Messing up with BART: error generation for evaluating data-cleaning algorithms},
  author={Arocena, Patricia C and Glavic, Boris and Mecca, Giansalvatore and Miller, Ren{\'e}e J and Papotti, Paolo and Santoro, Donatello},
  journal={Proceedings of the VLDB Endowment},
  volume={9},
  number={2},
  pages={36--47},
  year={2015},
  publisher={VLDB Endowment}
}

@article{2015profiling,
  title={Profiling relational data: a survey},
  author={Abedjan, Ziawasch and Golab, Lukasz and Naumann, Felix},
  journal={The VLDB Journal},
  volume={24},
  number={4},
  pages={557--581},
  year={2015},
  publisher={Springer}
}

@article{rekatsinas2017holoclean,
  title={HoloClean: Holistic Data Repairs with Probabilistic Inference},
  author={Rekatsinas, Theodoros and Chu, Xu and Ilyas, Ihab F and R{\'e}, Christopher},
  journal={arXiv preprint arXiv:1702.00820},
  year={2017}
}

@inproceedings{deng2017data,
  title={The data civilizer system},
  author={Deng, Dong and Fernandez, R Castro and Abedjan, Ziawasch and Wang, Sibo and Stonebraker, Michael and Elmagarmid, Ahmed and Ilyas, IF and Madden, Samuel and Ouzzani, Mourad and Tang, Nan},
  booktitle={Proceedings of the Conference on Innovative Data Systems Research (CIDR)},
  year={2017}
}

@inproceedings{stonebraker2013data,
  title={Data Curation at Scale: The Data Tamer System.},
  author={Stonebraker, Michael and Bruckner, Daniel and Ilyas, Ihab F and Beskales, George and Cherniack, Mitch and Zdonik, Stanley B and Pagan, Alexander and Xu, Shan},
  booktitle={CIDR},
  year={2013}
}

@inproceedings{kandel2011wrangler,
  title={Wrangler: Interactive visual specification of data transformation scripts},
  author={Kandel, Sean and Paepcke, Andreas and Hellerstein, Joseph and Heer, Jeffrey},
  booktitle={Proceedings of the SIGCHI Conference on Human Factors in Computing Systems},
  pages={3363--3372},
  year={2011},
  organization={ACM}
}

@inproceedings{chu2015katara,
  title={Katara: A data cleaning system powered by knowledge bases and crowdsourcing},
  author={Chu, Xu and Morcos, John and Ilyas, Ihab F and Ouzzani, Mourad and Papotti, Paolo and Tang, Nan and Ye, Yin},
  booktitle={Proceedings of the 2015 ACM SIGMOD International Conference on Management of Data},
  pages={1247--1261},
  year={2015},
  organization={ACM}
}

@inproceedings{abedjan2016dataxformer,
  title={DataXFormer: A robust data transformation system},
  author={Abedjan, Z and Morcos, J and Ilyas, IF and Papotti, P and Ouzzani, M and Stonebraker, M},
  year={2016},
  organization={ICDE}
}

@article{abedjan2015temporal,
  title={Temporal rules discovery for web data cleaning},
  author={Abedjan, Ziawasch and Akcora, Cuneyt G and Ouzzani, Mourad and Papotti, Paolo and Stonebraker, Michael},
  journal={Proceedings of the VLDB Endowment},
  volume={9},
  number={4},
  pages={336--347},
  year={2015},
  publisher={VLDB Endowment}
}

@inproceedings{geerts2014mapping,
  title={Mapping and cleaning},
  author={Geerts, Floris and Mecca, Giansalvatore and Papotti, Paolo and Santoro, Donatello},
  booktitle={Data Engineering (ICDE), 2014 IEEE 30th International Conference on},
  pages={232--243},
  year={2014},
  organization={IEEE}
}

@inproceedings{wang2014towards,
  title={Towards dependable data repairing with fixing rules},
  author={Wang, Jiannan and Tang, Nan},
  booktitle={Proceedings of the 2014 ACM SIGMOD international conference on Management of data},
  pages={457--468},
  year={2014},
  organization={ACM}
}

@article{prokoshyna2015combining,
  title={Combining quantitative and logical data cleaning},
  author={Prokoshyna, Nataliya and Szlichta, Jaroslaw and Chiang, Fei and Miller, Ren{\'e}e J and Srivastava, Divesh},
  journal={Proceedings of the VLDB Endowment},
  volume={9},
  number={4},
  pages={300--311},
  year={2015},
  publisher={VLDB Endowment}
}

@article{wu2013scorpion,
  title={Scorpion: Explaining away outliers in aggregate queries},
  author={Wu, Eugene and Madden, Samuel},
  journal={Proceedings of the VLDB Endowment},
  volume={6},
  number={8},
  pages={553--564},
  year={2013},
  publisher={VLDB Endowment}
}

@article{rahm2000data,
  title={Data cleaning: Problems and current approaches},
  author={Rahm, Erhard and Do, Hong Hai},
  journal={IEEE Data Eng. Bull.},
  volume={23},
  number={4},
  pages={3--13},
  year={2000}
}

@incollection{dasu2013data,
  title={Data glitches: Monsters in your data},
  author={Dasu, Tamraparni},
  booktitle={Handbook of Data Quality},
  pages={163--178},
  year={2013},
  publisher={Springer}
}

@article{dasu2012statistical,
  title={Statistical distortion: Consequences of data cleaning},
  author={Dasu, Tamraparni and Loh, Ji Meng},
  journal={Proceedings of the VLDB Endowment (PVLDB)},
  volume={5},
  number={11},
  pages={1674--1683},
  year={2012},
  publisher={VLDB Endowment}
}

@inproceedings{ramnandan2015assigning,
  title={Assigning semantic labels to data sources},
  author={Ramnandan, SK and Mittal, Amol and Knoblock, Craig A and Szekely, Pedro},
  booktitle={European Semantic Web Conference},
  pages={403--417},
  year={2015},
  organization={Springer}
}

@article{taheriyan2016learning,
  title={Learning the semantics of structured data sources},
  author={Taheriyan, Mohsen and Knoblock, Craig A and Szekely, Pedro and Ambite, Jos{\'e} Luis},
  journal={Web Semantics: Science, Services and Agents on the World Wide Web},
  volume={37},
  pages={152--169},
  year={2016},
  publisher={Elsevier}
}

@inproceedings{pham2016semantic,
  title={Semantic labeling: a domain-independent approach},
  author={Pham, Minh and Alse, Suresh and Knoblock, Craig A and Szekely, Pedro},
  booktitle={Proceedings of the International Semantic Web Conference (ISWC)},
  pages={446--462},
  year={2016},
  organization={Springer}
}

@article{rahm2001survey,
  title={A survey of approaches to automatic schema matching},
  author={Rahm, Erhard and Bernstein, Philip A},
  journal={VLDB Journal},
  volume={10},
  number={4},
  pages={334--350},
  year={2001},
  publisher={Springer}
}

@article{rice1976algorithm,
  title={The algorithm selection problem},
  author={Rice, John R},
  journal={Advances in computers},
  volume={15},
  pages={65--118},
  year={1976},
  publisher={Elsevier}
}

@article{munoz2015algorithm,
  title={Algorithm selection for black-box continuous optimization problems: A survey on methods and challenges},
  author={Mu{\~n}oz, Mario A and Sun, Yuan and Kirley, Michael and Halgamuge, Saman K},
  journal={Information Sciences},
  volume={317},
  pages={224--245},
  year={2015},
  publisher={Elsevier}
}

@article{leyva2014use,
  title={On the use of meta-learning for instance selection: An architecture and an experimental study},
  author={Leyva, Enrique and Caises, Yoel and Gonz{\'a}lez, Antonio and P{\'e}rez, Ra{\'u}l},
  journal={Information Sciences},
  volume={266},
  pages={16--30},
  year={2014},
  publisher={Elsevier}
}

@article{kanda2011selection,
  title={Selection of algorithms to solve traveling salesman problems using meta-learning1},
  author={Kanda, Jorge and Carvalho, Andre and Hruschka, Eduardo and Soares, Carlos},
  journal={International Journal of Hybrid Intelligent Systems},
  volume={8},
  number={3},
  pages={117--128},
  year={2011},
  publisher={IOS Press}
}

@article{gagliolo2006learning,
  title={Learning dynamic algorithm portfolios},
  author={Gagliolo, Matteo and Schmidhuber, J{\"u}rgen},
  journal={Annals of Mathematics and Artificial Intelligence},
  volume={47},
  number={3-4},
  pages={295--328},
  year={2006},
  publisher={Springer}
}

@article{smith2009cross,
  title={Cross-disciplinary perspectives on meta-learning for algorithm selection},
  author={Smith-Miles, Kate A},
  journal={ACM Computing Surveys (CSUR)},
  volume={41},
  number={1},
  pages={6},
  year={2009},
  publisher={ACM}
}

@book{bellahsene2011schema,
  title={Schema matching and mapping},
  author={Bellahsene, Zohra and Bonifati, Angela and Rahm, Erhard and others},
  volume={20},
  year={2011},
  publisher={Springer}
}

@article{getoor2012entity,
  title={Entity resolution: theory, practice \& open challenges},
  author={Getoor, Lise and Machanavajjhala, Ashwin},
  journal={Proceedings of the VLDB Endowment},
  volume={5},
  number={12},
  pages={2018--2019},
  year={2012},
  publisher={VLDB Endowment}
}


@inproceedings{berti2011discovery,
  title={Discovery of complex glitch patterns: A novel approach to quantitative data cleaning},
  author={Berti-Equille, Laure and Dasu, Tamraparni and Srivastava, Divesh},
  booktitle={Data Engineering (ICDE), 2011 IEEE 27th International Conference on},
  pages={733--744},
  year={2011},
  organization={IEEE}
}

@article{yakout2011guided,
  title={Guided data repair},
  author={Yakout, Mohamed and Elmagarmid, Ahmed K and Neville, Jennifer and Ouzzani, Mourad and Ilyas, Ihab F},
  journal={Proceedings of the VLDB Endowment},
  volume={4},
  number={5},
  pages={279--289},
  year={2011},
  publisher={VLDB Endowment}
}

@misc{magellandata,
title = {The Magellan Data Repository},
howpublished = {\url{https://sites.google.com/site/anhaidgroup/projects/data}},
author = {Das, Sanjib and Doan, AnHai and G. C., Paul Suganthan and Gokhale, Chaitanya and Konda, Pradap},
institution = {University of Wisconsin-Madison}
}

@Inbook{ref1,
editor="Sammut, Claude
and Webb, Geoffrey I.",
title="Leave-One-Out Cross-Validation",
bookTitle="Encyclopedia of Machine Learning",
year="2010",
publisher="Springer US",
address="Boston, MA",
pages="600--601",
isbn="978-0-387-30164-8",
doi="10.1007/978-0-387-30164-8_469",
url="http://dx.doi.org/10.1007/978-0-387-30164-8_469"
}

@Inbook{Berrar2013,
author="Berrar, Daniel
and Dubitzky, Werner",
editor="Dubitzky, Werner
and Wolkenhauer, Olaf
and Cho, Kwang-Hyun
and Yokota, Hiroki",
title="Information Gain",
bookTitle="Encyclopedia of Systems Biology",
year="2013",
publisher="Springer New York",
address="New York, NY",
pages="1022--1023",
isbn="978-1-4419-9863-7",
doi="10.1007/978-1-4419-9863-7_719",
url="http://dx.doi.org/10.1007/978-1-4419-9863-7_719"
}

@article{mackay1992bayesian,
  title={Bayesian interpolation},
  author={MacKay, David JC},
  journal={Neural computation},
  volume={4},
  number={3},
  pages={415--447},
  year={1992},
  publisher={MIT Press}
}

@article{Papenbrock:2015:DPM:2824032.2824086,
 author = {Papenbrock, Thorsten and Bergmann, Tanja and Finke, Moritz and Zwiener, Jakob and Naumann, Felix},
 title = {Data Profiling with Metanome},
 journal = {Proc. VLDB Endow.},
 issue_date = {August 2015},
 volume = {8},
 number = {12},
 month = aug,
 year = {2015},
 issn = {2150-8097},
 pages = {1860--1863},
 numpages = {4},
 url = {http://dx.doi.org/10.14778/2824032.2824086},
 doi = {10.14778/2824032.2824086},
 acmid = {2824086},
 publisher = {VLDB Endowment},
} 

@inproceedings{hua2007cleaning,
  title={Cleaning disguised missing data: a heuristic approach},
  author={Hua, Ming and Pei, Jian},
  booktitle={Proceedings of the 13th ACM SIGKDD international conference on Knowledge discovery and data mining},
  pages={950--958},
  year={2007},
  organization={ACM}
}

@article{hoerl1970ridge,
  title={Ridge regression: Biased estimation for nonorthogonal problems},
  author={Hoerl, Arthur E and Kennard, Robert W},
  journal={Technometrics},
  volume={12},
  number={1},
  pages={55--67},
  year={1970},
  publisher={Taylor \& Francis Group}
}

@article{scikit-learn,
 title={Scikit-learn: Machine Learning in {P}ython},
 author={Pedregosa, F. and Varoquaux, G. and Gramfort, A. and Michel, V.
         and Thirion, B. and Grisel, O. and Blondel, M. and Prettenhofer, P.
         and Weiss, R. and Dubourg, V. and Vanderplas, J. and Passos, A. and
         Cournapeau, D. and Brucher, M. and Perrot, M. and Duchesnay, E.},
 journal={Journal of Machine Learning Research},
 volume={12},
 pages={2825--2830},
 year={2011}
}

@inproceedings{Cao:2007:LRP:1273496.1273513,
 author = {Cao, Zhe and Qin, Tao and Liu, Tie-Yan and Tsai, Ming-Feng and Li, Hang},
 title = {Learning to Rank: From Pairwise Approach to Listwise Approach},
 booktitle = {Proceedings of the 24th International Conference on Machine Learning},
 series = {ICML '07},
 year = {2007},
 isbn = {978-1-59593-793-3},
 location = {Corvalis, Oregon, USA},
 pages = {129--136},
 numpages = {8},
 url = {http://doi.acm.org/10.1145/1273496.1273513},
 doi = {10.1145/1273496.1273513},
 acmid = {1273513},
 publisher = {ACM},
 address = {New York, NY, USA},
} 

@article{INR-016,
url = {http://dx.doi.org/10.1561/1500000016},
year = {2009},
volume = {3},
journal = {Foundations and Trends¬Æ in Information Retrieval},
title = {Learning to Rank for Information Retrieval},
doi = {10.1561/1500000016},
issn = {1554-0669},
number = {3},
pages = {225-331},
author = {Tie-Yan Liu}
}

@inproceedings{Rafailidis:2017:LRT:3109859.3109879,
 author = {Rafailidis, Dimitrios and Crestani, Fabio},
 title = {Learning to Rank with Trust and Distrust in Recommender Systems},
 booktitle = {Proceedings of the Eleventh ACM Conference on Recommender Systems},
 series = {RecSys '17},
 year = {2017},
 isbn = {978-1-4503-4652-8},
 location = {Como, Italy},
 pages = {5--13},
 numpages = {9},
 url = {http://doi.acm.org/10.1145/3109859.3109879},
 doi = {10.1145/3109859.3109879},
 acmid = {3109879},
 publisher = {ACM},
 address = {New York, NY, USA},
 keywords = {collaborative filtering, learning to rank, social relationships},
} 

@article{guyon2003introduction,
  title={An introduction to variable and feature selection},
  author={Guyon, Isabelle and Elisseeff, Andr{\'e}},
  journal={Journal of machine learning research},
  volume={3},
  number={Mar},
  pages={1157--1182},
  year={2003}
}